@article{balajiWavebasedAnalysisJointed2022,
  title = {Wave-Based Analysis of Jointed Elastic Bars: Nonlinear Periodic Response},
  shorttitle = {Wave-Based Analysis of Jointed Elastic Bars},
  author = {Balaji, Nidish Narayanaa and Brake, Matthew R. W. and Leamy, Michael J.},
  year = {2022},
  month = nov,
  journal = {Nonlinear Dynamics},
  volume = {110},
  number = {3},
  pages = {2005--2031},
  issn = {1573-269X},
  doi = {10.1007/s11071-022-07765-0},
  url = {https://doi.org/10.1007/s11071-022-07765-0},
  langid = {english},
  keywords = {Nonlinear forced response,Nonlinear wave propagation,Perturbation methods,Plane wave expansion,Wave-based vibration approach}
}

@article{balajiWavebasedAnalysisJointed2023,
  title = {Wave-Based Analysis of Jointed Elastic Bars: Stability of Nonlinear Solutions},
  shorttitle = {Wave-Based Analysis of Jointed Elastic Bars},
  author = {Balaji, Nidish Narayanaa and Brake, Matthew R. W. and Leamy, Michael J.},
  year = {2023},
  month = feb,
  journal = {Nonlinear Dynamics},
  volume = {111},
  number = {3},
  pages = {1971--1986},
  issn = {1573-269X},
  doi = {10.1007/s11071-022-07969-4},
  url = {https://doi.org/10.1007/s11071-022-07969-4},
  langid = {english},
  keywords = {Floquet theory,Nonlinear wave propagation,Perturbation methods,Wave-based vibration approach}
}
