@article{balajiWavebasedAnalysisJointed2022,
  title = {Wave-Based Analysis of Jointed Elastic Bars: Nonlinear Periodic Response},
  shorttitle = {Wave-Based Analysis of Jointed Elastic Bars},
  author = {Balaji, Nidish Narayanaa and Brake, Matthew R. W. and Leamy, Michael J.},
  year = {2022},
  month = nov,
  journal = {Nonlinear Dynamics},
  volume = {110},
  number = {3},
  pages = {2005--2031},
  issn = {1573-269X},
  doi = {10.1007/s11071-022-07765-0},
  url = {https://doi.org/10.1007/s11071-022-07765-0},
  langid = {english},
  keywords = {Nonlinear forced response,Nonlinear wave propagation,Perturbation methods,Plane wave expansion,Wave-based vibration approach}
}

@article{balajiWavebasedAnalysisJointed2023,
  title = {Wave-Based Analysis of Jointed Elastic Bars: Stability of Nonlinear Solutions},
  shorttitle = {Wave-Based Analysis of Jointed Elastic Bars},
  author = {Balaji, Nidish Narayanaa and Brake, Matthew R. W. and Leamy, Michael J.},
  year = {2023},
  month = feb,
  journal = {Nonlinear Dynamics},
  volume = {111},
  number = {3},
  pages = {1971--1986},
  issn = {1573-269X},
  doi = {10.1007/s11071-022-07969-4},
  url = {https://doi.org/10.1007/s11071-022-07969-4},
  langid = {english},
  keywords = {Floquet theory,Nonlinear wave propagation,Perturbation methods,Wave-based vibration approach}
}

@article{emaciNumericalExperimentalStudy1997,
  title = {Numerical and {{Experimental Study}} of {{Nonlinear Localization}} in a {{Flexible Structure}} with {{Vibro-Impacts}}},
  author = {Emaci, E. and Nayfeh, T. A. and Vakakis, A. F.},
  year = {1997},
  journal = {ZAMM - Journal of Applied Mathematics and Mechanics / Zeitschrift f\"ur Angewandte Mathematik und Mechanik},
  volume = {77},
  number = {7},
  pages = {527--541},
  issn = {1521-4001},
  doi = {10.1002/zamm.19970770712},
  url = {https://onlinelibrary.wiley.com/doi/abs/10.1002/zamm.19970770712},
  langid = {english}
}

@book{graffWaveMotionElastic2012,
  title = {Wave {{Motion}} in {{Elastic Solids}}},
  author = {Graff, Karl F.},
  year = {2012},
  month = apr,
  publisher = {{Courier Corporation}},
  googlebooks = {jorRAgAAQBAJ},
  isbn = {978-0-486-13957-9},
  langid = {english},
  keywords = {Science / Physics / General,Technology \& Engineering / Civil / General}
}

@article{praveenkrishnaExperimentalNumericalInvestigations2012,
  title = {Experimental and Numerical Investigations of Impacting Cantilever Beams Part 1: First Mode Response},
  shorttitle = {Experimental and Numerical Investigations of Impacting Cantilever Beams Part 1},
  author = {Praveen~Krishna, I. R. and Padmanabhan, C.},
  year = {2012},
  month = feb,
  journal = {Nonlinear Dynamics},
  volume = {67},
  number = {3},
  pages = {1985--2000},
  issn = {1573-269X},
  doi = {10.1007/s11071-011-0123-2},
  url = {https://doi.org/10.1007/s11071-011-0123-2},
  langid = {english},
  keywords = {Beam vibro-impact,Contact dynamics,Newton\textendash Krylov reduction,Time-variational method}
}
